@article{kun-et-al,
  author  = "Jeremy Kun and Brian Powers and Lev Reyzin",
  title   = "Anti-Coordination Games and Stable Graph Colorings",
  year    = "2013",
  journal = "SAGT Symposium on Algorithmic Game Theory"
}
